%% This BibTeX bibliography file was created using BibDesk.
%---------------------------------------------------------------------------------

@ARTICLE{2014PASP..126..948V,
   author = {{Vanderburg}, A. and {Johnson}, J.~A.},
  journal = {\pasp},
archivePrefix = "arXiv",
   eprint = {1408.3853},
 primaryClass = "astro-ph.IM",
 keywords = {Data Analysis and Techniques},
     year = 2014,
    month = nov,
   volume = 126,
    pages = {948-958},
   adsurl = {http://adsabs.harvard.edu/abs/2014PASP..126..948V},
  adsnote = {Provided by the SAO/NASA Astrophysics Data System}
}


@ARTICLE{2014ApJ...786...97H,
   author = {{Herczeg}, G.~J. and {Hillenbrand}, L.~A.},
  journal = {\apj},
archivePrefix = "arXiv",
   eprint = {1403.1675},
 primaryClass = "astro-ph.SR",
 keywords = {stars: low-mass, stars: pre-main sequence},
     year = 2014,
    month = may,
   volume = 786,
      eid = {97},
    pages = {97},
   adsurl = {http://adsabs.harvard.edu/abs/2014ApJ...786...97H},
  adsnote = {Provided by the SAO/NASA Astrophysics Data System}
}


@ARTICLE{2014ApJ...794..125C,
   author = {{Cottaar}, M. and {Covey}, K.~R. and {Meyer}, M.~R. and {Nidever}, D.~L. and
  {Stassun}, K.~G. and {Foster}, J.~B. and {Tan}, J.~C. and {Chojnowski}, S.~D. and
  {da Rio}, N. and {Flaherty}, K.~M. and {Frinchaboy}, P.~M. and
  {Skrutskie}, M. and {Majewski}, S.~R. and {Wilson}, J.~C. and
  {Zasowski}, G.},
  journal = {\apj},
archivePrefix = "arXiv",
   eprint = {1408.7113},
 primaryClass = "astro-ph.SR",
 keywords = {open clusters and associations: individual: IC 348 Pleiades, stars: pre-main sequence, techniques: radial velocities, techniques: spectroscopic},
     year = 2014,
    month = oct,
   volume = 794,
      eid = {125},
    pages = {125},
   adsurl = {http://adsabs.harvard.edu/abs/2014ApJ...794..125C},
  adsnote = {Provided by the SAO/NASA Astrophysics Data System}
}

@ARTICLE{2010ARA&A..48..581S,
   author = {{Soderblom}, D.~R.},
  journal = {\araa},
archivePrefix = "arXiv",
   eprint = {1003.6074},
 primaryClass = "astro-ph.SR",
     year = 2010,
    month = sep,
   volume = 48,
    pages = {581-629},
   adsurl = {http://adsabs.harvard.edu/abs/2010ARA%26A..48..581S},
  adsnote = {Provided by the SAO/NASA Astrophysics Data System}
}

@ARTICLE{2008A&A...479..827G,
   author = {{Grankin}, K.~N. and {Bouvier}, J. and {Herbst}, W. and {Melnikov}, S.~Y.
  },
  journal = {\aap},
archivePrefix = "arXiv",
   eprint = {0801.3543},
 keywords = {stars: rotation, stars: fundamental parameters, stars: starspots, stars: variables: general, stars: pre-main sequence},
     year = 2008,
    month = mar,
   volume = 479,
    pages = {827-843},
   adsurl = {http://adsabs.harvard.edu/abs/2008A%26A...479..827G},
  adsnote = {Provided by the SAO/NASA Astrophysics Data System}
}


@ARTICLE{2009ApJ...702L..27B,
   author = {{Baraffe}, I. and {Chabrier}, G. and {Gallardo}, J.},
  journal = {\apjl},
archivePrefix = "arXiv",
   eprint = {0907.3886},
 primaryClass = "astro-ph.SR",
 keywords = {accretion, accretion disks, stars: formation, stars: low-mass, brown dwarfs},
     year = 2009,
    month = sep,
   volume = 702,
    pages = {L27-L31},
   adsurl = {http://adsabs.harvard.edu/abs/2009ApJ...702L..27B},
  adsnote = {Provided by the SAO/NASA Astrophysics Data System}
}


@ARTICLE{2011A&A...534A..83R,
   author = {{Reggiani}, M. and {Robberto}, M. and {Da Rio}, N. and {Meyer}, M.~R. and
  {Soderblom}, D.~R. and {Ricci}, L.},
  journal = {\aap},
archivePrefix = "arXiv",
   eprint = {1108.1015},
 keywords = {stars: formation, stars: low-mass, stars: pre-main sequence, methods: statistical, techniques: photometric, open clusters and associations: individual: Orion nebula cluster},
     year = 2011,
    month = oct,
   volume = 534,
      eid = {A83},
    pages = {A83},
   adsurl = {http://adsabs.harvard.edu/abs/2011A%26A...534A..83R},
  adsnote = {Provided by the SAO/NASA Astrophysics Data System}
}


@ARTICLE{2015arXiv150706460F,
   author = {{Feiden}, G.~A.},
  journal = {ArXiv e-prints},
archivePrefix = "arXiv",
   eprint = {1507.06460},
 primaryClass = "astro-ph.SR",
 keywords = {Astrophysics - Solar and Stellar Astrophysics},
     year = 2015,
    month = jul,
   adsurl = {http://adsabs.harvard.edu/abs/2015arXiv150706460F},
  adsnote = {Provided by the SAO/NASA Astrophysics Data System}
}

@ARTICLE{2015ApJ...807..174S,
   author = {{Somers}, G. and {Pinsonneault}, M.~H.},
  journal = {\apj},
archivePrefix = "arXiv",
   eprint = {1506.01393},
 primaryClass = "astro-ph.SR",
 keywords = {stars: activity, stars: evolution, stars: pre-main sequence, starspots},
     year = 2015,
    month = jul,
   volume = 807,
      eid = {174},
    pages = {174},
   adsurl = {http://adsabs.harvard.edu/abs/2015ApJ...807..174S},
  adsnote = {Provided by the SAO/NASA Astrophysics Data System}
}


@ARTICLE{2011ARA&A..49...67W,
   author = {{Williams}, J.~P. and {Cieza}, L.~A.},
  journal = {\araa},
archivePrefix = "arXiv",
   eprint = {1103.0556},
 primaryClass = "astro-ph.GA",
     year = 2011,
    month = sep,
   volume = 49,
    pages = {67-117},
   adsurl = {http://adsabs.harvard.edu/abs/2011ARA%26A..49...67W},
  adsnote = {Provided by the SAO/NASA Astrophysics Data System}
}

@INPROCEEDINGS{2014SPIE.9147E..1DP,
   author = {{Park}, C. and {Jaffe}, D.~T. and {Yuk}, I.-S. and {Chun}, M.-Y. and
  {Pak}, S. and {Kim}, K.-M. and {Pavel}, M. and {Lee}, H. and
  {Oh}, H. and {Jeong}, U. and {Sim}, C.~K. and {Lee}, H.-I. and
  {Nguyen Le}, H.~A. and {Strubhar}, J. and {Gully-Santiago}, M. and
  {Oh}, J.~S. and {Cha}, S.-M. and {Moon}, B. and {Park}, K. and
  {Brooks}, C. and {Ko}, K. and {Han}, J.-Y. and {Nah}, J. and
  {Hill}, P.~C. and {Lee}, S. and {Barnes}, S. and {Yu}, Y.~S. and
  {Kaplan}, K. and {Mace}, G. and {Kim}, H. and {Lee}, J.-J. and
  {Hwang}, N. and {Park}, B.-G.},
     year = 2014,
   series = {Society of Photo-Optical Instrumentation Engineers (SPIE) Conference Series},
   volume = 9147,
    month = jul,
      eid = {91471D},
    pages = {1},
   adsurl = {http://adsabs.harvard.edu/abs/2014SPIE.9147E..1DP},
  adsnote = {Provided by the SAO/NASA Astrophysics Data System}
}


@INPROCEEDINGS{2012SPIE.8450E..2SG,
   author = {{Gully-Santiago}, M. and {Wang}, W. and {Deen}, C. and {Jaffe}, D.
  },
     year = 2012,
   series = {Society of Photo-Optical Instrumentation Engineers (SPIE) Conference Series},
   volume = 8450,
    month = sep,
      eid = {84502S},
    pages = {2},
   adsurl = {http://adsabs.harvard.edu/abs/2012SPIE.8450E..2SG},
  adsnote = {Provided by the SAO/NASA Astrophysics Data System}
}


@ARTICLE{1987AJ.....93..907H,
   author = {{Hartmann}, L.~W. and {Soderblom}, D.~R. and {Stauffer}, J.~R.
  },
  journal = {\aj},
 keywords = {Calcium, Pre-Main Sequence Stars, Radial Velocity, Stellar Motions, Stellar Rotation, T Tauri Stars, Abundance, Late Stars, Line Spectra, Star Formation, Stellar Mass},
     year = 1987,
    month = apr,
   volume = 93,
    pages = {907-912},
   adsurl = {http://cdsads.u-strasbg.fr/abs/1987AJ.....93..907H},
  adsnote = {Provided by the SAO/NASA Astrophysics Data System}
}

@ARTICLE{1986AJ.....91..575H,
   author = {{Herbig}, G.~H. and {Vrba}, F.~J. and {Rydgren}, A.~E.},
  journal = {\aj},
 keywords = {Calcium, Emission Spectra, H Lines, K Lines, Pre-Main Sequence Stars, Stellar Spectra, T Tauri Stars, H Alpha Line, Radial Velocity, Stellar Luminosity, Stellar Spectrophotometry},
     year = 1986,
    month = mar,
   volume = 91,
    pages = {575-582},
   adsurl = {http://cdsads.u-strasbg.fr/abs/1986AJ.....91..575H},
  adsnote = {Provided by the SAO/NASA Astrophysics Data System}
}


@ARTICLE{1988AJ.....96..777D,
   author = {{Downes}, R.~A. and {Keyes}, C.~D.},
  journal = {\aj},
 keywords = {Balmer Series, Cataclysmic Variables, H Alpha Line, Stellar Spectra, Symbiotic Stars, T Tauri Stars, Astronomical Spectroscopy, B Stars, Carbon Stars, M Stars, Nitric Oxide, Planetary Nebulae, Seyfert Galaxies},
     year = 1988,
    month = aug,
   volume = 96,
    pages = {777-790},
   adsurl = {http://cdsads.u-strasbg.fr/abs/1988AJ.....96..777D},
  adsnote = {Provided by the SAO/NASA Astrophysics Data System}
}

@ARTICLE{1989AJ.....98.1444S,
   author = {{Strom}, K.~M. and {Wilkin}, F.~P. and {Strom}, S.~E. and {Seaman}, R.~L.
  },
  journal = {\aj},
 keywords = {Abundance, Lithium, Metallicity, Pre-Main Sequence Stars, Spectral Line Width, Stellar Composition, Astronomical Catalogs, Data Sampling, H Alpha Line, Hertzsprung-Russell Diagram},
     year = 1989,
    month = oct,
   volume = 98,
    pages = {1444-1450},
   adsurl = {http://cdsads.u-strasbg.fr/abs/1989AJ.....98.1444S},
  adsnote = {Provided by the SAO/NASA Astrophysics Data System}
}

@ARTICLE{1993AJ....106.1608V,
   author = {{Vrba}, F.~J. and {Chugainov}, P.~F. and {Weaver}, W.~B. and
  {Stauffer}, J.~S.},
  journal = {\aj},
 keywords = {Emission Spectra, Stellar Color, Stellar Spectra, T Tauri Stars, Light Curve, Line Spectra, Stellar Spectrophotometry, Stellar Temperature},
     year = 1993,
    month = oct,
   volume = 106,
    pages = {1608-1626},
   adsurl = {http://cdsads.u-strasbg.fr/abs/1993AJ....106.1608V},
  adsnote = {Provided by the SAO/NASA Astrophysics Data System}
}

@ARTICLE{1994IBVS.4042....1G,
   author = {{Grankin}, K.~N.},
  journal = {Information Bulletin on Variable Stars},
     year = 1994,
    month = jun,
   volume = 4042,
   adsurl = {http://cdsads.u-strasbg.fr/abs/1994IBVS.4042....1G},
  adsnote = {Provided by the SAO/NASA Astrophysics Data System}
}


@ARTICLE{1993A&A...278..129L,
   author = {{Leinert}, C. and {Zinnecker}, H. and {Weitzel}, N. and {Christou}, J. and
  {Ridgway}, S.~T. and {Jameson}, R. and {Haas}, M. and {Lenzen}, R.
  },
  journal = {\aap},
 keywords = {Binary Stars, Pre-Main Sequence Stars, Sky Surveys (Astronomy), Taurus Constellation, Main Sequence Stars, Spatial Distribution, Star Formation, Stellar Evolution},
     year = 1993,
    month = oct,
   volume = 278,
    pages = {129-149},
   adsurl = {http://cdsads.u-strasbg.fr/abs/1993A%26A...278..129L},
  adsnote = {Provided by the SAO/NASA Astrophysics Data System}
}

@ARTICLE{1994ApJ...424..237S,
   author = {{Strom}, K.~M. and {Strom}, S.~E.},
  journal = {\apj},
   eprint = {astro-ph/9309037},
 keywords = {Interstellar Matter, Molecular Clouds, Pre-Main Sequence Stars, Star Formation, Stellar Envelopes, X Ray Astronomy, Accretion Disks, Hertzsprung-Russell Diagram, Stellar Spectrophotometry},
     year = 1994,
    month = mar,
   volume = 424,
    pages = {237-256},
   adsurl = {http://cdsads.u-strasbg.fr/abs/1994ApJ...424..237S},
  adsnote = {Provided by the SAO/NASA Astrophysics Data System}
}


@ARTICLE{1989AJ.....97.1451S,
   author = {{Strom}, K.~M. and {Strom}, S.~E. and {Edwards}, S. and {Cabrit}, S. and
  {Skrutskie}, M.~F.},
  journal = {\aj},
 keywords = {Pre-Main Sequence Stars, Stellar Envelopes, Stellar Spectrophotometry, T Tauri Stars, Frequency Distribution, H Alpha Line, Infrared Spectra, Spectral Energy Distribution, Star Formation},
     year = 1989,
    month = may,
   volume = 97,
    pages = {1451-1470},
   adsurl = {http://adsabs.harvard.edu/abs/1989AJ.....97.1451S},
  adsnote = {Provided by the SAO/NASA Astrophysics Data System}
}

@ARTICLE{1994A&A...282..503M,
   author = {{Martin}, E.~L. and {Rebolo}, R. and {Magazzu}, A. and {Pavlenko}, Y.~V.
  },
  journal = {\aap},
   eprint = {astro-ph/9308047},
 keywords = {Abundance, H Alpha Line, Lithium, Statistical Distributions, Stellar Spectrophotometry, T Tauri Stars, Ultraviolet Photometry, Angular Momentum, Charge Coupled Devices, Hertzsprung-Russell Diagram, Stellar Evolution, Stellar Luminosity, Stellar Rotation, Telescopes},
     year = 1994,
    month = feb,
   volume = 282,
    pages = {503-517},
   adsurl = {http://cdsads.u-strasbg.fr/abs/1994A%26A...282..503M},
  adsnote = {Provided by the SAO/NASA Astrophysics Data System}
}

@ARTICLE{1995ApJS..101..117K,
   author = {{Kenyon}, S.~J. and {Hartmann}, L.},
  journal = {\apjs},
 keywords = {INFRARED: STARS, ISM: CLOUDS, STARS: EVOLUTION, STARS: LUMINOSITY FUNCTION, MASS FUNCTION, STARS: PRE-MAIN-SEQUENCE},
     year = 1995,
    month = nov,
   volume = 101,
    pages = {117},
   adsurl = {http://cdsads.u-strasbg.fr/abs/1995ApJS..101..117K},
  adsnote = {Provided by the SAO/NASA Astrophysics Data System}
}

@ARTICLE{1995ApJ...452..736H,
   author = {{Hartigan}, P. and {Edwards}, S. and {Ghandour}, L.},
  journal = {\apj},
 keywords = {ACCRETION, ACCRETION DISKS, STARS: CIRCUMSTELLAR MATTER, STARS: FORMATION, STARS: MASS LOSS, STARS: PRE-MAIN-SEQUENCE},
     year = 1995,
    month = oct,
   volume = 452,
    pages = {736},
   adsurl = {http://cdsads.u-strasbg.fr/abs/1995ApJ...452..736H},
  adsnote = {Provided by the SAO/NASA Astrophysics Data System}
}

@ARTICLE{2014MNRAS.444.3220D,
   author = {{Donati}, J.-F. and {H{\'e}brard}, E. and {Hussain}, G. and
  {Moutou}, C. and {Grankin}, K. and {Boisse}, I. and {Morin}, J. and
  {Gregory}, S.~G. and {Vidotto}, A.~A. and {Bouvier}, J. and
  {Alencar}, S.~H.~P. and {Delfosse}, X. and {Doyon}, R. and {Takami}, M. and
  {Jardine}, M.~M. and {Fares}, R. and {Cameron}, A.~C. and {M{\'e}nard}, F. and
  {Dougados}, C. and {Herczeg}, G. and {Matysse Collaboration}
  },
  journal = {\mnras},
archivePrefix = "arXiv",
   eprint = {1408.3273},
 primaryClass = "astro-ph.SR",
 keywords = {techniques: polarimetric, stars: formation, stars: imaging, stars: individual: LkCa 4, stars: magnetic field, stars: rotation},
     year = 2014,
    month = nov,
   volume = 444,
    pages = {3220-3229},
   adsurl = {http://adsabs.harvard.edu/abs/2014MNRAS.444.3220D},
  adsnote = {Provided by the SAO/NASA Astrophysics Data System}
}


@ARTICLE{2015ApJ...812..128C,
   author = {{Czekala}, I. and {Andrews}, S.~M. and {Mandel}, K.~S. and {Hogg}, D.~W. and
  {Green}, G.~M.},
  journal = {\apj},
archivePrefix = "arXiv",
   eprint = {1412.5177},
 primaryClass = "astro-ph.SR",
 keywords = {methods: data analysis, methods: statistical, stars: fundamental parameters, stars: late-type, stars: statistics, techniques: spectroscopic},
     year = 2015,
    month = oct,
   volume = 812,
      eid = {128},
    pages = {128},
   adsurl = {http://adsabs.harvard.edu/abs/2015ApJ...812..128C},
  adsnote = {Provided by the SAO/NASA Astrophysics Data System}
}

@ARTICLE{2013A&A...553A...6H,
   author = {{Husser}, T.-O. and {Wende-von Berg}, S. and {Dreizler}, S. and
  {Homeier}, D. and {Reiners}, A. and {Barman}, T. and {Hauschildt}, P.~H.
  },
  journal = {\aap},
archivePrefix = "arXiv",
   eprint = {1303.5632},
 primaryClass = "astro-ph.SR",
 keywords = {stars: atmospheres, convection, stars: late-type},
     year = 2013,
    month = may,
   volume = 553,
      eid = {A6},
    pages = {A6},
   adsurl = {http://adsabs.harvard.edu/abs/2013A%26A...553A...6H},
  adsnote = {Provided by the SAO/NASA Astrophysics Data System}
}

@ARTICLE{2018ApJ...863..190B,
   author = {{Basri}, G. and {Nguyen}, H.~T.},
  journal = {\apj},
archivePrefix = "arXiv",
   eprint = {1805.04587},
 primaryClass = "astro-ph.SR",
 keywords = {stars: activity, stars: late-type, stars: magnetic field, stars: rotation, stars: solar-type, starspots },
     year = 2018,
    month = aug,
   volume = 863,
      eid = {190},
    pages = {190},
   adsurl = {http://adsabs.harvard.edu/abs/2018ApJ...863..190B},
  adsnote = {Provided by the SAO/NASA Astrophysics Data System}
}

@ARTICLE{2002ApJ...580L.171M,
       author = {{Mandel}, Kaisey and {Agol}, Eric},
      journal = {\apj},
     keywords = {Stars: Binaries: Eclipsing, Eclipses, Occultations, Stars: Planetary Systems, Astrophysics},
         year = "2002",
        month = "Dec",
       volume = {580},
        pages = {L171-L175},
archivePrefix = {arXiv},
       eprint = {astro-ph/0210099},
 primaryClass = {astro-ph},
       adsurl = {https://ui.adsabs.harvard.edu/\#abs/2002ApJ...580L.171M},
      adsnote = {Provided by the SAO/NASA Astrophysics Data System}
}

@ARTICLE{2016Natur.533..217R,
       author = {{Roettenbacher}, R.~M. and {Monnier}, J.~D. and {Korhonen}, H. and
         {Aarnio}, A.~N. and {Baron}, F. and {Che}, X. and {Harmon}, R.~O. and
         {K{\H{o}}v{\'a}ri}, Zs. and {Kraus}, S. and {Schaefer}, G.~H. and
         {Torres}, G. and {Zhao}, M. and {Ten Brummelaar}, T.~A. and
         {Sturmann}, J. and {Sturmann}, L.},
      journal = {\nat},
     keywords = {Astrophysics - Solar and Stellar Astrophysics},
         year = "2016",
        month = "May",
       volume = {533},
        pages = {217-220},
archivePrefix = {arXiv},
       eprint = {1709.10107},
 primaryClass = {astro-ph.SR},
       adsurl = {https://ui.adsabs.harvard.edu/\#abs/2016Natur.533..217R},
      adsnote = {Provided by the SAO/NASA Astrophysics Data System}
}


@ARTICLE{2018ApJ...853..122R,
       author = {{Rackham}, Benjamin V. and {Apai}, D{\'a}niel and {Giampapa}, Mark S.},
      journal = {\apj},
     keywords = {methods: numerical, planets and satellites: atmospheres, planets and satellites: fundamental parameters, stars: activity, starspots, techniques: spectroscopic, Astrophysics - Earth and Planetary Astrophysics},
         year = "2018",
        month = "Feb",
       volume = {853},
          eid = {122},
        pages = {122},
archivePrefix = {arXiv},
       eprint = {1711.05691},
 primaryClass = {astro-ph.EP},
       adsurl = {https://ui.adsabs.harvard.edu/\#abs/2018ApJ...853..122R},
      adsnote = {Provided by the SAO/NASA Astrophysics Data System}
}

@ARTICLE{2016MNRAS.463.2494F,
       author = {{Fang}, Xiang-Song and {Zhao}, Gang and {Zhao}, Jing-Kun and
         {Chen}, Yu-Qin and {Bharat Kumar}, Yerra},
      journal = {\mnras},
     keywords = {stars: activity, stars: late-type, stars: rotation, starspots, Astrophysics - Solar and Stellar Astrophysics},
         year = "2016",
        month = "Dec",
       volume = {463},
        pages = {2494-2512},
archivePrefix = {arXiv},
       eprint = {1608.05452},
 primaryClass = {astro-ph.SR},
       adsurl = {https://ui.adsabs.harvard.edu/\#abs/2016MNRAS.463.2494F},
      adsnote = {Provided by the SAO/NASA Astrophysics Data System}
}

@ARTICLE{2019AJ....157...11W,
       author = {{Wakeford}, H.~R. and {Lewis}, N.~K. and {Fowler}, J. and {Bruno}, G. and
         {Wilson}, T.~J. and {Moran}, S.~E. and {Valenti}, J. and
         {Batalha}, N.~E. and {Filippazzo}, J. and {Bourrier}, V. and
         {H{\"o}rst}, S.~M. and {Lederer}, S.~M. and {de Wit}, J.},
      journal = {\aj},
     keywords = {planets and satellites: atmospheres, stars: activity, Astrophysics - Earth and Planetary Astrophysics},
         year = "2019",
        month = "Jan",
       volume = {157},
          eid = {11},
        pages = {11},
archivePrefix = {arXiv},
       eprint = {1811.04877},
 primaryClass = {astro-ph.EP},
       adsurl = {https://ui.adsabs.harvard.edu/\#abs/2019AJ....157...11W},
      adsnote = {Provided by the SAO/NASA Astrophysics Data System}
}


@ARTICLE{2018ApJ...865..142B,
       author = {{Basri}, Gibor},
      journal = {\apj},
     keywords = {stars: activity, stars: magnetic field, starspots, Astrophysics - Solar and Stellar Astrophysics},
         year = "2018",
        month = "Oct",
       volume = {865},
          eid = {142},
        pages = {142},
archivePrefix = {arXiv},
       eprint = {1809.00071},
 primaryClass = {astro-ph.SR},
       adsurl = {https://ui.adsabs.harvard.edu/\#abs/2018ApJ...865..142B},
      adsnote = {Provided by the SAO/NASA Astrophysics Data System}
}

@ARTICLE{2018AJ....156...91M,
       author = {{Morris}, Brett M. and {Agol}, Eric and {Hebb}, Leslie and
         {Hawley}, Suzanne L.},
      journal = {\aj},
     keywords = {eclipses, planets and satellites: fundamental parameters, stars: activity, stars: magnetic field, starspots, Astrophysics - Solar and Stellar Astrophysics, Astrophysics - Earth and Planetary Astrophysics},
         year = "2018",
        month = "Sep",
       volume = {156},
          eid = {91},
        pages = {91},
archivePrefix = {arXiv},
       eprint = {1807.04886},
 primaryClass = {astro-ph.SR},
       adsurl = {https://ui.adsabs.harvard.edu/\#abs/2018AJ....156...91M},
      adsnote = {Provided by the SAO/NASA Astrophysics Data System}
}

@ARTICLE{2014ApJS..211...24M,
       author = {{McQuillan}, A. and {Mazeh}, T. and {Aigrain}, S.},
      journal = {The Astrophysical Journal Supplement Series},
     keywords = {catalogs, methods: data analysis, methods: observational, stars: activity, stars: low-mass, stars: rotation, techniques: photometric, Astrophysics - Solar and Stellar Astrophysics},
         year = "2014",
        month = "Apr",
       volume = {211},
          eid = {24},
        pages = {24},
archivePrefix = {arXiv},
       eprint = {1402.5694},
 primaryClass = {astro-ph.SR},
       adsurl = {https://ui.adsabs.harvard.edu/\#abs/2014ApJS..211...24M},
      adsnote = {Provided by the SAO/NASA Astrophysics Data System}
}

@ARTICLE{2018ApJ...868..143G,
   author = {{Guo}, Z. and {Gully-Santiago}, M. and {Herczeg}, G.~J.},
  journal = {\apj},
archivePrefix = "arXiv",
   eprint = {1810.10284},
 primaryClass = "astro-ph.SR",
 keywords = {stars: pre-main sequence, starspots },
     year = 2018,
    month = dec,
   volume = 868,
      eid = {143},
    pages = {143},
   adsurl = {http://adsabs.harvard.edu/abs/2018ApJ...868..143G},
  adsnote = {Provided by the SAO/NASA Astrophysics Data System}
}

@ARTICLE{2017ApJ...836..200G,
   author = {{Gully-Santiago}, M.~A. and {Herczeg}, G.~J. and {Czekala}, I. and
	{Somers}, G. and {Grankin}, K. and {Covey}, K.~R. and {Donati}, J.~F. and
	{Alencar}, S.~H.~P. and {Hussain}, G.~A.~J. and {Shappee}, B.~J. and
	{Mace}, G.~N. and {Lee}, J.-J. and {Holoien}, T.~W.-S. and {Jose}, J. and
	{Liu}, C.-F.},
  journal = {\apj},
archivePrefix = "arXiv",
   eprint = {1701.06703},
 primaryClass = "astro-ph.SR",
 keywords = {stars: fundamental parameters, stars: individual: LkCa 4, stars: low-mass, stars: statistics},
     year = 2017,
    month = feb,
   volume = 836,
      eid = {200},
    pages = {200},
   adsurl = {http://adsabs.harvard.edu/abs/2017ApJ...836..200G},
  adsnote = {Provided by the SAO/NASA Astrophysics Data System}
}
